@article{locasto2011cacm,
 author = {Locasto, Michael E. and Ghosh, Anup K. and Jajodia, Sushil and Stavrou, Angelos},
 title = {The ephemeral legion: producing an expert cyber-security work force from thin air},
 journal = {Commun. ACM},
 issue_date = {January 2011},
 volume = {54},
 issue = {1},
 month = {January},
 year = {2011},
 issn = {0001-0782},
 pages = {129--131},
 numpages = {3},
 url = {http://doi.acm.org/10.1145/1866739.1866764},
 doi = {http://doi.acm.org/10.1145/1866739.1866764},
 acmid = {1866764},
 publisher = {ACM},
 address = {New York, NY, USA},
} 

@article{locasto2009own,
author = {Michael E. Locasto},
title = {Helping Students 0wn Their Own Code},
journal ={IEEE Security and Privacy},
volume = {7},
issn = {1540-7993},
year = {2009},
pages = {53-56},
doi = {http://doi.ieeecomputersociety.org/10.1109/MSP.2009.66},
publisher = {IEEE Computer Society},
address = {Los Alamitos, CA, USA}
}


@inproceedings{locasto2009lisa,
  title = {{Pushing Boulders Uphill: The Difficulties of Network Intrusion Recovery}},
  author = "Michael E. Locasto and Matthew Burnside and Darrell Bethea",
  booktitle = "USENIX Large Installation and Systems Administration Conference",
  year = "2009"
}

@inproceedings{fireman,
  title = {{Fireman: A Toolkit for Firewall Modeling and Analysis}},
  author = "L. Yuan and J. Mai and Z. Su and H. Chen and C.-N. Chuah and P. Mohapatra",
  booktitle = "Proceedings of the IEEE Symposium on Security and Privacy",
  pages = {199-213},
  year = "2006"
}

@inproceedings{berferd,
  title = {{An Evening with Berferd, in which a cracker is lured, endured, and s
tudied.}},
  author = "Bill Cheswick",
  booktitle = "Proceedings of the Winter USENIX Conference",
  city = "San Francisco",
  state = "CA",
  month = "January",
  year = "1992",
  availablefrom = {\url{ftp.research.att.com/dist/internet_security/berferd.ps}}
}

@article{stoll1988stalk,
  title = {{Stalking the Wily Hacker}},
  author = "Cliff Stoll",
  journal = "Communications of the ACM",
  volume = "31",
  number = "5",
  pages = "484",
  month = "May",
  year = "1988"
}

@article{payne1992decisions,
 title = {{Behavioral Decision Research: A Constructive Processing Perspective}},
 author = "John W. Payne and James R. Bettman and Eric J. Johnson",
 journal = "Annual Review of Psychology",
 year = "1992",
 volume = "43",
 pages = {88--131}
}

@inproceedings{cooper2009sigcse,
 author = "S. Cooper and C. Nickell and V. Piotrowski and B. Oldfield and A. Abdallah and M. Bishop and B. Caelli and M. Dark and E. Hawthorne and L. Hoffman and L. PÃ©rez and C. Pfleeger and R. Raines and C. Schou and J. Brynielsson", 
 title = {{An Exploration of the Current State of Information Assurance Education}}, 
 booktitle = "ACM SIGCSE Bulletin",
 volume = 41,
 number = 4,
 pages = {109--125},
 month = "Dec", 
 year = 2009
}